<?xml version="1.0" encoding="UTF-8"?><record xmlns="http://www.loc.gov/MARC21/slim" xmlns:cinclude="http://apache.org/cocoon/include/1.0" xmlns:zs="http://www.loc.gov/zing/srw/">
  <leader>00531cz  a2200133n  4500</leader>
  <controlfield tag="001">n  85063834 </controlfield>
  <controlfield tag="003">DLC</controlfield>
  <controlfield tag="005">20130614073849.0</controlfield>
  <controlfield tag="008">850726n| azannaabn          |n aaa      </controlfield>
  <datafield tag="010" ind1=" " ind2=" ">
    <subfield code="a">n  85063834 </subfield>
  </datafield>
  <datafield tag="035" ind1=" " ind2=" ">
    <subfield code="a">(OCoLC)oca01369272</subfield>
  </datafield>
  <datafield tag="040" ind1=" " ind2=" ">
    <subfield code="a">DNLM</subfield>
    <subfield code="b">eng</subfield>
    <subfield code="e">rda</subfield>
    <subfield code="c">DLC</subfield>
    <subfield code="d">DLC</subfield>
    <subfield code="d">OCoLC</subfield>
    <subfield code="d">DNLM</subfield>
  </datafield>
  <datafield tag="100" ind1="1" ind2=" ">
    <subfield code="a">Zva패rova패, Jana</subfield>
  </datafield>
  <datafield tag="670" ind1=" " ind2=" ">
    <subfield code="a">IFIP-IMIA Intl. Working Conf. on Computer-Aided Medical Decision-Making (1985 : Prague, Czechoslovakia). Medical decision-making, 1985:</subfield>
    <subfield code="b">t.p. (Jana Zva패rova패; Dept. of Medical Informatics, Charles Univ., Prague)</subfield>
  </datafield>
</record>